@misc{dooley2017questionnaire,
  title={Questionnaire Programming Language. Interrater Reliability Report},
  author={Dooley, K},
  year={2017},
  publisher={Preuzeto}
}

@misc{hayes2012my,
  title={My macros and code for SPSS and SAS},
  author={Hayes, Andrew F},
  year={2012}
}

@article{hayes2007answering,
  title={Answering the call for a standard reliability measure for coding data},
  author={Hayes, Andrew F and Krippendorff, Klaus},
  journal={Communication methods and measures},
  volume={1},
  number={1},
  pages={77--89},
  year={2007},
  publisher={Taylor \& Francis}
}

@book{osborne2008best,
  title={Best practices in quantitative methods},
  author={Osborne, Jason W},
  year={2008},
  publisher={Sage}
}

@misc{krippendorff2011computing,
  title={Computing Krippendorffâ€™s alpha-reliability},
  author={Krippendorff, Klaus},
  year={2011},
  publisher={Citeseer}
}

@article{krippendorff2004reliability,
  title={Reliability in content analysis: Some common misconceptions and recommendations},
  author={Krippendorff, Klaus},
  journal={Human communication research},
  volume={30},
  number={3},
  pages={411--433},
  year={2004},
  publisher={Wiley Online Library}
}