@article{bales1935after,
  title={The after-effect of the perception of curved lines.},
  author={Bales, John Foster and Follansbee, George Little},
  journal={Journal of Experimental Psychology},
  volume={18},
  number={4},
  pages={499},
  year={1935},
  publisher={Psychological Review Company}
}

@article{ogilvie1967perception,
  title={The perception of curvature.},
  author={Ogilvie, John and Daicar, Eva},
  journal={Canadian Journal of Psychology/Revue canadienne de psychologie},
  volume={21},
  number={6},
  pages={521},
  year={1967},
  publisher={University of Toronto Press}
}

@article{gibson1933adaptation,
  title={Adaptation, after-effect and contrast in the perception of curved lines.},
  author={Gibson, James J},
  journal={Journal of experimental psychology},
  volume={16},
  number={1},
  pages={1--31},
  year={1933},
  publisher={Psychological Review Company}
}

@article{watt1987detection,
  title={The detection of deviation from straightness in lines},
  author={Watt, RJ and Ward, RM and Casco, Clara},
  journal={Vision Research},
  volume={27},
  number={9},
  pages={1659--1678},
  year={1987},
  publisher={Elsevier}
}

@book{miles1994qualitative,
  title={Qualitative data analysis: An expanded sourcebook},
  author={Miles, Matthew B and Huberman, A Michael},
  year={1994},
  publisher={Sage},
  address={Thousand Oaks, CA},
  edition={2}
}

@article{cui2022distinguishing,
  title={Distinguishing between trait desirability and item desirability in predicting item scores: Is informant evaluation of personality free from social desirability?},
  author={Cui, Tianxue and Kam, Chester Chun Seng and Cheng, Emily Hongzhen and Ho, Man Yee},
  journal={Personality and Individual Differences},
  volume={196},
  pages={111708},
  year={2022},
  publisher={Elsevier}
}

@article{leising2021correlations,
  title={Correlations between person-descriptive items are predictable from the product of their mid-point-centered social desirability values},
  author={Leising, Daniel and Vogel, Diana and Waller, Vincent and Zimmermann, Johannes},
  journal={European Journal of Personality},
  volume={35},
  number={5},
  pages={667--689},
  year={2021},
  publisher={SAGE Publications Sage UK: London, England}
}

@article{edwards_social_1957,
	title = {The social desirability variable in personality assessment and research.},
	author = {Edwards, Allen L.},
	year = {1957}
}

@article{levashina_model_2006,
	title = {A model of faking likelihood in the employment interview},
	volume = {14},
	pages = {299--316},
	number = {4},
	journaltitle = {International Journal of Selection and Assessment},
	author = {Levashina, Julia and Campion, Michael A.},
	date = {2006},
	file = {Fulltext:C\:\\Users\\kulasj\\Zotero\\storage\\GDMJ7LPN\\Levashina and Campion - 2006 - A model of faking likelihood in the employment int.pdf:application/pdf;Snapshot:C\:\\Users\\kulasj\\Zotero\\storage\\LSPSN6IU\\j.1468-2389.2006.00353.html:text/html}
}

@article{weiss_looking_2006,
	title = {Looking good and lying to do it: Deception as an impression management strategy in job interviews},
	volume = {36},
	shorttitle = {Looking good and lying to do it},
	pages = {1070--1086},
	number = {4},
	journaltitle = {Journal of Applied Social Psychology},
	author = {Weiss, Brent and Feldman, Robert S.},
	date = {2006},
	file = {Snapshot:C\:\\Users\\kulasj\\Zotero\\storage\\X2CU6J5S\\j.0021-9029.2006.00055.html:text/html}
}

@article{barrick_what_2009,
	title = {What you see may not be what you get: relationships among self-presentation tactics and ratings of interview and job performance.},
	volume = {94},
	shorttitle = {What you see may not be what you get},
	pages = {1394},
	number = {6},
	journaltitle = {Journal of Applied Psychology},
	author = {Barrick, Murray R. and Shaffer, Jonathan A. and {DeGrassi}, Sandra W.},
	date = {2009}
}

@article{taylor_illusion_1988,
	title = {Illusion and well-being: a social psychological perspective on mental health.},
	volume = {103},
	shorttitle = {Illusion and well-being},
	pages = {193},
	number = {2},
	journaltitle = {Psychological bulletin},
	author = {Taylor, Shelley E. and Brown, Jonathon D.},
	date = {1988},
	file = {Fulltext:C\:\\Users\\kulasj\\Zotero\\storage\\XDWS89TH\\Taylor and Brown - 1988 - Illusion and well-being a social psychological pe.pdf:application/pdf;Snapshot:C\:\\Users\\kulasj\\Zotero\\storage\\59UDSAIF\\1988-16903-001.html:text/html}
}

@article{cohen_cost_1983,
	title = {The cost of dichotomization},
	volume = {7},
	pages = {249--253},
	number = {3},
	journaltitle = {Applied psychological measurement},
	author = {Cohen, Jacob},
	date = {1983}
}

@article{kuncel_conceptual_2009,
	title = {A conceptual and empirical reexamination of the measurement of the social desirability of items: Implications for detecting desirable response style and scale development},
	volume = {62},
	shorttitle = {A conceptual and empirical reexamination of the measurement of the social desirability of items},
	pages = {201--228},
	number = {2},
	journaltitle = {Personnel Psychology},
	author = {Kuncel, Nathan R. and Tellegen, Auke},
	date = {2009},
	file = {Fulltext:C\:\\Users\\mh2258qa\\Zotero\\storage\\PNMBEJNC\\scholar.html:text/html;Snapshot:C\:\\Users\\mh2258qa\\Zotero\\storage\\SRGBBPQR\\j.1744-6570.2009.01136.html:text/html}
}

@article{edwards_social_1957,
	title = {The social desirability variable in personality assessment and research.},
	author = {Edwards, Allen L.},
	date = {1957},
	file = {Snapshot:C\:\\Users\\mh2258qa\\Zotero\\storage\\A8XMEJBJ\\1958-00464-000.html:text/html}
}

@article{edwards_relationship_1953,
	title = {The relationship between the judged desirability of a trait and the probability that the trait will be endorsed.},
	volume = {37},
	pages = {90--93},
	number = {2},
	journaltitle = {Journal of Applied Psychology},
	author = {Edwards, Allen L.},
	date = {1953},
	file = {Snapshot:C\:\\Users\\mh2258qa\\Zotero\\storage\\B3ULPECH\\1954-00551-001.html:text/html}
}

@article{podsakoff_sources_2012,
	title = {Sources of method bias in social science research and recommendations on how to control it},
	volume = {63},
	pages = {539--569},
	journaltitle = {Annual review of psychology},
	author = {Podsakoff, Philip M. and {MacKenzie}, Scott B. and Podsakoff, Nathan P.},
	date = {2012},
	file = {Fulltext:C\:\\Users\\mh2258qa\\Zotero\\storage\\ZZC7UDEU\\Podsakoff et al. - 2012 - Sources of method bias in social science research .pdf:application/pdf;Snapshot:C\:\\Users\\mh2258qa\\Zotero\\storage\\JUPKVMSA\\annurev-psych-120710-100452.html:text/html}
}

@article{backstrom_social_2013,
	title = {Social desirability in personality inventories: Symptoms, diagnosis and prescribed cure},
	volume = {54},
	shorttitle = {Social desirability in personality inventories},
	pages = {152--159},
	number = {2},
	journaltitle = {Scandinavian journal of psychology},
	author = {Bäckström, Martin and Björklund, Fredrik},
	date = {2013},
	file = {Fulltext:C\:\\Users\\mh2258qa\\Zotero\\storage\\ABKQNY2W\\sjop.html:text/html;Snapshot:C\:\\Users\\mh2258qa\\Zotero\\storage\\5FZK5DRQ\\sjop.html:text/html}
}

@article{dunlop_not_2012,
	title = {Not too little, but not too much: The perceived desirability of responses to personality items},
	volume = {46},
	shorttitle = {Not too little, but not too much},
	pages = {8--18},
	number = {1},
	journaltitle = {Journal of Research in Personality},
	author = {Dunlop, Patrick D. and Telford, Amelia D. and Morrison, David L.},
	date = {2012},
	file = {Fulltext:C\:\\Users\\mh2258qa\\Zotero\\storage\\SLBQDRC5\\S0092656611001449.html:text/html;Snapshot:C\:\\Users\\mh2258qa\\Zotero\\storage\\AARANPNK\\S0092656611001449.html:text/html}
}

@article{borkenau_more_2009,
	title = {More may be better but there may be too much: Optimal trait level and self-enhancement bias},
	volume = {77},
	shorttitle = {More may be better but there may be too much},
	pages = {825--858},
	number = {3},
	journaltitle = {Journal of Personality},
	author = {Borkenau, Peter and Zaltauskas, Katrin and Leising, Daniel},
	date = {2009},
	file = {Fulltext:C\:\\Users\\mh2258qa\\Zotero\\storage\\JTCKX973\\scholar.html:text/html;Snapshot:C\:\\Users\\mh2258qa\\Zotero\\storage\\QFM8H6KG\\j.1467-6494.2009.00566.html:text/html}
}
