
@article{ziegler_applicant_2011,
	title = {Applicant faking: A look into the black box},
	volume = {49},
	shorttitle = {Applicant faking},
	pages = {29--36},
	number = {1},
	journaltitle = {The Industrial and Organizational Psychologist},
	author = {Ziegler, Matthias},
	date = {2011},
	file = {Full Text:C\:\\Users\\John-o\\Zotero\\storage\\2JHJUFUC\\Ziegler - 2011 - Applicant faking A look into the black box.pdf:application/pdf}
}

@article{edwards_social_1957,
	title = {Social desirability and probability of endorsement of items in the interpersonal check list.},
	volume = {55},
	pages = {394},
	number = {3},
	journaltitle = {The Journal of Abnormal and Social Psychology},
	author = {Edwards, Allen L.},
	date = {1957},
	file = {Snapshot:C\:\\Users\\John-o\\Zotero\\storage\\9EQWN85D\\1959-01022-001.html:text/html}
}

@book{edwards_social_1957a,
	location = {New York},
	title = {The social desirability variable in personality assessment and research.},
	publisher = {Dryden},
	author = {Edwards, Allen L.},
	date = {1957},
	file = {Snapshot:C\:\\Users\\John-o\\Zotero\\storage\\FCY9SKHF\\1958-00464-000.html:text/html}
}

@article{leising_vocabulary_2012,
	title = {Vocabulary for describing disliked persons is more differentiated than vocabulary for describing liked persons},
	volume = {46},
	pages = {393--396},
	number = {4},
	journaltitle = {Journal of Research in Personality},
	author = {Leising, Daniel and Ostrovski, Olga and Borkenau, Peter},
	date = {2012},
	file = {Snapshot:C\:\\Users\\John-o\\Zotero\\storage\\42WQ65ZW\\S0092656612000554.html:text/html}
}

@article{leising_model_2015,
	title = {A model of “substance” and “evaluation” in person judgments},
	volume = {57},
	pages = {61--71},
	number = {1},
	journaltitle = {Journal of Research in Personality},
	author = {Leising, Daniel and Scherbaum, Stefan and Locke, Kenneth D. and Zimmermann, Johannes},
	date = {2015},
	file = {Snapshot:C\:\\Users\\John-o\\Zotero\\storage\\SST3FGSF\\articulo.html:text/html}
}

@online{noauthor_notitle_nodate,
	url = {https://www.researchgate.net/profile/Rene_Mttus/publication/285518321_Towards_More_Rigorous_Personality_Trait-Outcome_Research/links/5a96bb9345851535bcddc610/Towards-More-Rigorous-Personality-Trait-Outcome-Research.pdf},
	urldate = {2018-08-04},
	file = {:C\:\\Users\\John-o\\Zotero\\storage\\VBGLSWPC\\Towards-More-Rigorous-Personality-Trait-Outcome-Research.html:text/html}
}

@article{allik_how_2010,
	title = {How people see others is different from how people see themselves: A replicable pattern across cultures.},
	volume = {99},
	shorttitle = {How people see others is different from how people see themselves},
	pages = {870},
	number = {5},
	journaltitle = {Journal of Personality and Social Psychology},
	author = {Allik, Jüri and Realo, Anu and Mottus, Rene and Borkenau, Peter and Kuppens, Peter and Hřebíčková, Martina},
	date = {2010},
	file = {Fulltext:C\:\\Users\\John-o\\Zotero\\storage\\CGZBVGNB\\Allik et al. - 2010 - How people see others is different from how people.pdf:application/pdf;Snapshot:C\:\\Users\\John-o\\Zotero\\storage\\WAM52XH2\\2010-21640-005.html:text/html}
}

@article{allik_variance_2010,
	title = {Variance determines self-observer agreement on the Big Five personality traits},
	volume = {44},
	pages = {421--426},
	number = {4},
	journaltitle = {Journal of Research in Personality},
	author = {Allik, Jüri and Realo, Anu and Mõttus, René and Esko, Tõnu and Pullat, Janne and Metspalu, Andres},
	date = {2010},
	file = {Fulltext:C\:\\Users\\John-o\\Zotero\\storage\\65RALNPD\\Allik et al. - 2010 - Variance determines self-observer agreement on the.pdf:application/pdf;Snapshot:C\:\\Users\\John-o\\Zotero\\storage\\XCB6RKKA\\S0092656610000589.html:text/html}
}

@article{allik_generalizability_2010,
	title = {Generalizability of self–other agreement from one personality trait to another},
	volume = {48},
	pages = {128--132},
	number = {2},
	journaltitle = {Personality and Individual Differences},
	author = {Allik, Jüri and Realo, Anu and Mõttus, René and Kuppens, Peter},
	date = {2010},
	file = {Fulltext:C\:\\Users\\John-o\\Zotero\\storage\\ZK9ANZ24\\Allik et al. - 2010 - Generalizability of self–other agreement from one .pdf:application/pdf;Snapshot:C\:\\Users\\John-o\\Zotero\\storage\\97NZWGGU\\S0191886909003894.html:text/html}
}

@article{condon_selected_2015,
	title = {Selected personality data from the {SAPA}-Project: On the structure of phrased self-report items},
	volume = {3},
	shorttitle = {Selected personality data from the {SAPA}-Project},
	number = {1},
	journaltitle = {Journal of Open Psychology Data},
	author = {Condon, David and Revelle, William},
	date = {2015},
	file = {Fulltext:C\:\\Users\\John-o\\Zotero\\storage\\LFP38SKA\\jopd.html:text/html;Snapshot:C\:\\Users\\John-o\\Zotero\\storage\\JFD8B6PS\\jopd.html:text/html}
}

@article{jackson_not_2009,
	title = {Not all conscientiousness scales change alike: A multimethod, multisample study of age differences in the facets of conscientiousness.},
	volume = {96},
	shorttitle = {Not all conscientiousness scales change alike},
	pages = {446},
	number = {2},
	journaltitle = {Journal of personality and social psychology},
	author = {Jackson, Joshua J. and Bogg, Tim and Walton, Kate E. and Wood, Dustin and Harms, Peter D. and Lodi-Smith, Jennifer and Edmonds, Grant W. and Roberts, Brent W.},
	date = {2009},
	file = {Fulltext:C\:\\Users\\John-o\\Zotero\\storage\\ZLPWBSXT\\PMC2724669.html:text/html;Snapshot:C\:\\Users\\John-o\\Zotero\\storage\\YXY5K8K8\\2009-00255-012.html:text/html}
}

@article{mottus_self-reports_2017,
	title = {Do self-reports and informant-ratings measure the same personality constructs?},
	author = {Mõttus, René and Allik, Jüri and Realo, Anu},
	date = {2017},
	file = {Snapshot:C\:\\Users\\John-o\\Zotero\\storage\\DIMUQGCR\\hb6nj.html:text/html}
}

@article{mottus_comparability_2012,
	title = {Comparability of self-reported conscientiousness across 21 countries},
	volume = {26},
	pages = {303--317},
	number = {3},
	journaltitle = {European Journal of Personality},
	author = {Mõttus, René and Allik, Jüri and Realo, Anu and Pullmann, Helle and Rossier, Jérôme and Zecca, Gregory and Ah-Kion, Jennifer and Amoussou-Yéyé, Dénis and Bäckström, Martin and Barkauskiene, Rasa},
	date = {2012},
	file = {Snapshot:C\:\\Users\\John-o\\Zotero\\storage\\JT32S2CT\\per.html:text/html}
}

@article{mottus_effect_2012,
	title = {The effect of response style on self-reported conscientiousness across 20 countries},
	volume = {38},
	pages = {1423--1436},
	number = {11},
	journaltitle = {Personality and Social Psychology Bulletin},
	author = {Mõttus, René and Allik, Jüri and Realo, Anu and Rossier, Jérôme and Zecca, Gregory and Ah-Kion, Jennifer and Amoussou-Yéyé, Dénis and Bäckström, Martin and Barkauskiene, Rasa and Barry, Oumar},
	date = {2012},
	file = {Fulltext:C\:\\Users\\John-o\\Zotero\\storage\\QQK2MVKK\\2544149.html:text/html;Snapshot:C\:\\Users\\John-o\\Zotero\\storage\\3KRGJWCM\\0146167212451275.html:text/html}
}

@article{mottus_within-and_2017,
	title = {Within-and between individual variability of personality characteristics and physical exercise},
	volume = {69},
	pages = {139--148},
	journaltitle = {Journal of Research in Personality},
	author = {Mõttus, René and Epskamp, Sacha and Francis, Adam},
	date = {2017},
	file = {Snapshot:C\:\\Users\\John-o\\Zotero\\storage\\YWTZUH8N\\S0092656616300654.html:text/html}
}

@article{mottus_cross-rater_2014,
	title = {Cross-rater agreement on common and specific variance of personality scales and items},
	volume = {52},
	pages = {47--54},
	journaltitle = {Journal of Research in Personality},
	author = {Mõttus, René and {McCrae}, Robert R. and Allik, Jüri and Realo, Anu},
	date = {2014},
	file = {Fulltext:C\:\\Users\\John-o\\Zotero\\storage\\5QB4JVMK\\Mõttus et al. - 2014 - Cross-rater agreement on common and specific varia.pdf:application/pdf;Snapshot:C\:\\Users\\John-o\\Zotero\\storage\\GZ233MYT\\S0092656614000725.html:text/html}
}

@article{mottus_personality_2017,
	title = {Personality characteristics below facets: A replication and meta-analysis of cross-rater agreement, rank-order stability, heritability and utility of personality nuances},
	shorttitle = {Personality characteristics below facets},
	journaltitle = {Journal of Personality and Social Psychology},
	author = {Mõttus, René and Sinick, Jonah and Terracciano, Antonio and Hřebíčková, Martina and Kandler, Christian and Ando, Juko and Mortensen, Erik Lykke and Colodro-Conde, Lucía and Jang, Kerry L.},
	date = {2017}
}

@article{wood_perceiver_2010,
	title = {Perceiver effects as projective tests: What your perceptions of others say about you.},
	volume = {99},
	shorttitle = {Perceiver effects as projective tests},
	pages = {174},
	number = {1},
	journaltitle = {Journal of Personality and Social psychology},
	author = {Wood, Dustin and Harms, Peter and Vazire, Simine},
	date = {2010},
	file = {Fulltext:C\:\\Users\\John-o\\Zotero\\storage\\M3IWDMRD\\Wood et al. - 2010 - Perceiver effects as projective tests What your p.pdf:application/pdf;Snapshot:C\:\\Users\\John-o\\Zotero\\storage\\VHLCCNCD\\doiLanding.html:text/html}
}

@article{wortman_relations_2014,
	title = {The relations between actual similarity and experienced similarity},
	volume = {49},
	pages = {31--46},
	journaltitle = {Journal of Research in Personality},
	author = {Wortman, Jessica and Wood, Dustin and Furr, R. Michael and Fanciullo, Joelle and Harms, P. D.},
	date = {2014},
	file = {Fulltext:C\:\\Users\\John-o\\Zotero\\storage\\3MHBLR8L\\Wortman et al. - 2014 - The relations between actual similarity and experi.pdf:application/pdf;Snapshot:C\:\\Users\\John-o\\Zotero\\storage\\5R26FI88\\S0092656614000038.html:text/html}
}

@article{plumlee_estimating_1964,
	title = {Estimating means and standard deviations from partial data—An empirical check on Lord's item sampling technique},
	volume = {24},
	pages = {623--630},
	number = {3},
	journaltitle = {Educational and Psychological Measurement},
	author = {Plumlee, Lynnette B.},
	date = {1964},
	file = {Snapshot:C\:\\Users\\John-o\\Zotero\\storage\\QXHVMQSN\\001316446402400316.html:text/html}
}

@article{lord_estimating_1961,
	title = {Estimating norms by item sampling},
	volume = {1961},
	pages = {i--13},
	number = {1},
	journaltitle = {{ETS} Research Bulletin Series},
	author = {Lord, Frederic M.},
	date = {1961},
	file = {Fulltext:C\:\\Users\\John-o\\Zotero\\storage\\EBRRF93P\\Lord - 1961 - Estimating norms by item sampling.pdf:application/pdf;Snapshot:C\:\\Users\\John-o\\Zotero\\storage\\SNU46WBE\\j.2333-8504.1961.tb00103.html:text/html}
}

@article{kuncel_conceptual_2009,
	title = {A conceptual and empirical reexamination of the measurement of the social desirability of items: Implications for detecting desirable response style and scale development},
	volume = {62},
	shorttitle = {A conceptual and empirical reexamination of the measurement of the social desirability of items},
	pages = {201--228},
	number = {2},
	journaltitle = {Personnel Psychology},
	author = {Kuncel, Nathan R. and Tellegen, Auke},
	date = {2009},
	file = {Snapshot:C\:\\Users\\John-o\\Zotero\\storage\\4WAWUB8I\\j.1744-6570.2009.01136.html:text/html}
}

@article{edwards_relationship_1953,
	title = {The relationship between the judged desirability of a trait and the probability that the trait will be endorsed.},
	volume = {37},
	pages = {90},
	number = {2},
	journaltitle = {Journal of Applied Psychology},
	author = {Edwards, Allen L.},
	date = {1953},
	file = {Snapshot:C\:\\Users\\John-o\\Zotero\\storage\\R6MB8WP7\\1954-00551-001.html:text/html}
}

@article{qualtrics_qualtrics_2014,
	title = {Qualtrics [software]},
	journaltitle = {Utah, {USA}: Qualtrics},
	author = {Qualtrics, L. L. C.},
	date = {2014}
}

@article{fischer_measuring_1993,
	title = {Measuring social desirability: Short forms of the Marlowe-Crowne social desirability scale},
	volume = {53},
	shorttitle = {Measuring social desirability},
	pages = {417--424},
	number = {2},
	journaltitle = {Educational and Psychological Measurement},
	author = {Fischer, Donald G. and Fick, Carol},
	date = {1993},
	file = {Fulltext:C\:\\Users\\John-o\\Zotero\\storage\\6AI8CUMH\\Fischer and Fick - 1993 - Measuring social desirability Short forms of the .pdf:application/pdf;Snapshot:C\:\\Users\\John-o\\Zotero\\storage\\DMLBPIQL\\0013164493053002011.html:text/html}
}

@article{ones_role_1996,
	title = {Role of social desirability in personality testing for personnel selection: The red herring.},
	volume = {81},
	shorttitle = {Role of social desirability in personality testing for personnel selection},
	pages = {660},
	number = {6},
	journaltitle = {Journal of Applied Psychology},
	author = {Ones, Deniz S. and Viswesvaran, Chockalingam and Reiss, Angelika D.},
	date = {1996},
	file = {Fulltext:C\:\\Users\\John-o\\Zotero\\storage\\GZTIVVI6\\Ones et al. - 1996 - Role of social desirability in personality testing.pdf:application/pdf;Snapshot:C\:\\Users\\John-o\\Zotero\\storage\\V34MG8B6\\1996-06918-004.html:text/html}
}

@article{li_using_2006,
	title = {Using the {BIDR} to distinguish the effects of impression management and self-deception on the criterion validity of personality measures: A meta-analysis},
	volume = {14},
	shorttitle = {Using the {BIDR} to distinguish the effects of impression management and self-deception on the criterion validity of personality measures},
	pages = {131--141},
	number = {2},
	journaltitle = {International Journal of Selection and Assessment},
	author = {Li, Andrew and Bagger, Jessica},
	date = {2006},
	file = {Snapshot:C\:\\Users\\John-o\\Zotero\\storage\\D5BI5XAS\\j.1468-2389.2006.00339.html:text/html}
}

@article{birkeland_meta-analytic_2006,
	title = {A meta-analytic investigation of job applicant faking on personality measures},
	volume = {14},
	pages = {317--335},
	number = {4},
	journaltitle = {International Journal of Selection and Assessment},
	author = {Birkeland, Scott A. and Manson, Todd M. and Kisamore, Jennifer L. and Brannick, Michael T. and Smith, Mark A.},
	date = {2006},
	file = {Fulltext:C\:\\Users\\John-o\\Zotero\\storage\\4KZSFG89\\Birkeland et al. - 2006 - A meta-analytic investigation of job applicant fak.pdf:application/pdf;Snapshot:C\:\\Users\\John-o\\Zotero\\storage\\5SQ5KR33\\j.1468-2389.2006.00354.html:text/html}
}

@article{viswesvaran_meta-analyses_1999,
	title = {Meta-analyses of fakability estimates: Implications for personality measurement},
	volume = {59},
	shorttitle = {Meta-analyses of fakability estimates},
	pages = {197--210},
	number = {2},
	journaltitle = {Educational and psychological measurement},
	author = {Viswesvaran, Chockalingam and Ones, Deniz S.},
	date = {1999},
	file = {Fulltext:C\:\\Users\\John-o\\Zotero\\storage\\AMN792KA\\Viswesvaran and Ones - 1999 - Meta-analyses of fakability estimates Implication.pdf:application/pdf;Snapshot:C\:\\Users\\John-o\\Zotero\\storage\\8R3RLG82\\00131649921969802.html:text/html}
}

@article{cohen_cost_1983,
	title = {The cost of dichotomization},
	volume = {7},
	pages = {249--253},
	number = {3},
	journaltitle = {Applied psychological measurement},
	author = {Cohen, Jacob},
	date = {1983},
	file = {Fulltext:C\:\\Users\\John-o\\Zotero\\storage\\HK6SCHDX\\Cohen - 1983 - The cost of dichotomization.pdf:application/pdf;Snapshot:C\:\\Users\\John-o\\Zotero\\storage\\9FC4T6QW\\014662168300700301.html:text/html}
}

@article{barrick_what_2009,
	title = {What you see may not be what you get: relationships among self-presentation tactics and ratings of interview and job performance.},
	volume = {94},
	shorttitle = {What you see may not be what you get},
	pages = {1394},
	number = {6},
	journaltitle = {Journal of Applied Psychology},
	author = {Barrick, Murray R. and Shaffer, Jonathan A. and {DeGrassi}, Sandra W.},
	date = {2009},
	file = {Fulltext:C\:\\Users\\John-o\\Zotero\\storage\\PZEAUFI4\\Barrick et al. - 2009 - What you see may not be what you get relationship.pdf:application/pdf;Snapshot:C\:\\Users\\John-o\\Zotero\\storage\\NPD8ZPL5\\2009-21033-003.html:text/html}
}

@article{taylor_illusion_1988,
	title = {Illusion and well-being: a social psychological perspective on mental health.},
	volume = {103},
	shorttitle = {Illusion and well-being},
	pages = {193},
	number = {2},
	journaltitle = {Psychological bulletin},
	author = {Taylor, Shelley E. and Brown, Jonathon D.},
	date = {1988},
	file = {Fulltext:C\:\\Users\\John-o\\Zotero\\storage\\7PVQELNH\\Taylor and Brown - 1988 - Illusion and well-being a social psychological pe.pdf:application/pdf;Snapshot:C\:\\Users\\John-o\\Zotero\\storage\\32ANDJD3\\1988-16903-001.html:text/html}
}

@article{levashina_model_2006,
	title = {A model of faking likelihood in the employment interview},
	volume = {14},
	pages = {299--316},
	number = {4},
	journaltitle = {International Journal of Selection and Assessment},
	author = {Levashina, Julia and Campion, Michael A.},
	date = {2006},
	file = {Fulltext:C\:\\Users\\John-o\\Zotero\\storage\\ZEEGNB3Y\\Levashina and Campion - 2006 - A model of faking likelihood in the employment int.pdf:application/pdf;Snapshot:C\:\\Users\\John-o\\Zotero\\storage\\8UE7WBJZ\\j.1468-2389.2006.00353.html:text/html}
}

@article{weiss_looking_2006,
	title = {Looking good and lying to do it: Deception as an impression management strategy in job interviews},
	volume = {36},
	shorttitle = {Looking good and lying to do it},
	pages = {1070--1086},
	number = {4},
	journaltitle = {Journal of Applied Social Psychology},
	author = {Weiss, Brent and Feldman, Robert S.},
	date = {2006},
	file = {Snapshot:C\:\\Users\\John-o\\Zotero\\storage\\8H6Q3JDH\\j.0021-9029.2006.00055.html:text/html}
}
