@Manual{R-abind,
  title = {abind: Combine Multidimensional Arrays},
  author = {Tony Plate and Richard Heiberger},
  year = {2024},
  note = {R package version 1.4-8},
  url = {https://CRAN.R-project.org/package=abind},
}

@Manual{R-askpass,
  title = {askpass: Password Entry Utilities for R, Git, and SSH},
  author = {Jeroen Ooms},
  year = {2023},
  note = {R package version 1.2.0},
  url = {https://github.com/r-lib/askpass},
}

@Manual{R-assertthat,
  title = {assertthat: Easy Pre and Post Assertions},
  author = {Hadley Wickham},
  year = {2019},
  note = {R package version 0.2.1},
  url = {https://CRAN.R-project.org/package=assertthat},
}

@Manual{R-backports,
  title = {backports: Reimplementations of Functions Introduced Since R-3.0.0},
  author = {Michel Lang and Duncan Murdoch and {R Core Team}},
  year = {2024},
  note = {R package version 1.5.0},
  url = {https://github.com/r-lib/backports},
}

@Manual{R-base,
  title = {R: A Language and Environment for Statistical Computing},
  author = {{R Core Team}},
  organization = {R Foundation for Statistical Computing},
  address = {Vienna, Austria},
  year = {2024},
  url = {https://www.R-project.org/},
}

@Manual{R-base64enc,
  title = {base64enc: Tools for base64 encoding},
  author = {Simon Urbanek},
  year = {2015},
  note = {R package version 0.1-3},
  url = {http://www.rforge.net/base64enc},
}

@Manual{R-bit,
  title = {bit: Classes and Methods for Fast Memory-Efficient Boolean Selections},
  author = {Jens Oehlschlägel and Brian Ripley},
  year = {2022},
  note = {R package version 4.0.5},
  url = {https://github.com/truecluster/bit},
}

@Manual{R-bit64,
  title = {bit64: A S3 Class for Vectors of 64bit Integers},
  author = {Jens Oehlschlägel and Leonardo Silvestri},
  year = {2020},
  note = {R package version 4.0.5},
  url = {https://github.com/truecluster/bit64},
}

@Manual{R-blob,
  title = {blob: A Simple S3 Class for Representing Vectors of Binary Data
(BLOBS)},
  author = {Hadley Wickham},
  year = {2023},
  note = {R package version 1.2.4},
  url = {https://blob.tidyverse.org},
}

@Manual{R-bookdown,
  title = {bookdown: Authoring Books and Technical Documents with R Markdown},
  author = {Yihui Xie},
  year = {2024},
  note = {R package version 0.40},
  url = {https://github.com/rstudio/bookdown},
}

@Manual{R-boot,
  title = {boot: Bootstrap Functions (Originally by Angelo Canty for S)},
  author = {Angelo Canty and Brian Ripley},
  year = {2024},
  note = {R package version 1.3-30},
  url = {https://CRAN.R-project.org/package=boot},
}

@Manual{R-broom,
  title = {broom: Convert Statistical Objects into Tidy Tibbles},
  author = {David Robinson and Alex Hayes and Simon Couch},
  year = {2024},
  note = {R package version 1.0.6},
  url = {https://broom.tidymodels.org/},
}

@Manual{R-bslib,
  title = {bslib: Custom Bootstrap 'Sass' Themes for shiny and rmarkdown},
  author = {Carson Sievert and Joe Cheng and Garrick Aden-Buie},
  year = {2024},
  note = {R package version 0.7.0},
  url = {https://rstudio.github.io/bslib/},
}

@Manual{R-cachem,
  title = {cachem: Cache R Objects with Automatic Pruning},
  author = {Winston Chang},
  year = {2024},
  note = {R package version 1.1.0},
  url = {https://cachem.r-lib.org/},
}

@Manual{R-callr,
  title = {callr: Call R from R},
  author = {Gábor Csárdi and Winston Chang},
  year = {2024},
  note = {R package version 3.7.6},
  url = {https://callr.r-lib.org},
}

@Manual{R-car,
  title = {car: Companion to Applied Regression},
  author = {John Fox and Sanford Weisberg and Brad Price},
  year = {2024},
  note = {R package version 3.1-3},
  url = {https://r-forge.r-project.org/projects/car/},
}

@Manual{R-carData,
  title = {carData: Companion to Applied Regression Data Sets},
  author = {John Fox and Sanford Weisberg and Brad Price},
  year = {2022},
  note = {R package version 3.0-5},
  url = {https://r-forge.r-project.org/projects/car/},
}

@Manual{R-careless,
  title = {careless: Procedures for Computing Indices of Careless Responding},
  author = {Richard Yentes and Francisco Wilhelm},
  year = {2023},
  note = {R package version 1.2.2},
  url = {https://github.com/ryentes/careless/},
}

@Manual{R-cellranger,
  title = {cellranger: Translate Spreadsheet Cell Ranges to Rows and Columns},
  author = {Jennifer Bryan},
  year = {2016},
  note = {R package version 1.1.0},
  url = {https://github.com/rsheets/cellranger},
}

@Manual{R-class,
  title = {class: Functions for Classification},
  author = {Brian Ripley},
  year = {2023},
  note = {R package version 7.3-22},
  url = {http://www.stats.ox.ac.uk/pub/MASS4/},
}

@Manual{R-cli,
  title = {cli: Helpers for Developing Command Line Interfaces},
  author = {Gábor Csárdi},
  year = {2024},
  note = {R package version 3.6.3},
  url = {https://cli.r-lib.org},
}

@Manual{R-clipr,
  title = {clipr: Read and Write from the System Clipboard},
  author = {Matthew Lincoln},
  year = {2022},
  note = {R package version 0.8.0},
  url = {https://github.com/mdlincoln/clipr},
}

@Manual{R-cluster,
  title = {cluster: "Finding Groups in Data": Cluster Analysis Extended Rousseeuw et
al.},
  author = {Martin Maechler and Peter Rousseeuw and Anja Struyf and Mia Hubert},
  year = {2023},
  note = {R package version 2.1.6},
  url = {https://svn.r-project.org/R-packages/trunk/cluster/},
}

@Manual{R-codetools,
  title = {codetools: Code Analysis Tools for R},
  author = {Luke Tierney},
  year = {2024},
  note = {R package version 0.2-20},
  url = {https://gitlab.com/luke-tierney/codetools},
}

@Manual{R-colorspace,
  title = {colorspace: A Toolbox for Manipulating and Assessing Colors and Palettes},
  author = {Ross Ihaka and Paul Murrell and Kurt Hornik and Jason C. Fisher and Reto Stauffer and Claus O. Wilke and Claire D. McWhite and Achim Zeileis},
  year = {2023},
  note = {R package version 2.1-0},
  url = {https://colorspace.R-Forge.R-project.org/},
}

@Manual{R-conflicted,
  title = {conflicted: An Alternative Conflict Resolution Strategy},
  author = {Hadley Wickham},
  year = {2023},
  note = {R package version 1.2.0},
  url = {https://conflicted.r-lib.org/},
}

@Manual{R-corrplot,
  title = {corrplot: Visualization of a Correlation Matrix},
  author = {Taiyun Wei and Viliam Simko},
  year = {2024},
  note = {R package version 0.95},
  url = {https://github.com/taiyun/corrplot},
}

@Manual{R-cowplot,
  title = {cowplot: Streamlined Plot Theme and Plot Annotations for ggplot2},
  author = {Claus O. Wilke},
  year = {2024},
  note = {R package version 1.1.3},
  url = {https://wilkelab.org/cowplot/},
}

@Manual{R-cpp11,
  title = {cpp11: A C++11 Interface for R's C Interface},
  author = {Davis Vaughan and Jim Hester and Romain François},
  year = {2023},
  note = {R package version 0.4.7},
  url = {https://cpp11.r-lib.org},
}

@Manual{R-crayon,
  title = {crayon: Colored Terminal Output},
  author = {Gábor Csárdi},
  year = {2024},
  note = {R package version 1.5.3},
  url = {https://r-lib.github.io/crayon/},
}

@Manual{R-curl,
  title = {curl: A Modern and Flexible Web Client for R},
  author = {Jeroen Ooms},
  year = {2024},
  note = {R package version 5.2.1},
  url = {https://jeroen.r-universe.dev/curl},
}

@Manual{R-data.table,
  title = {data.table: Extension of `data.frame`},
  author = {Tyson Barrett and Matt Dowle and Arun Srinivasan and Jan Gorecki and Michael Chirico and Toby Hocking},
  year = {2024},
  note = {R package version 1.15.4},
  url = {https://r-datatable.com},
}

@Manual{R-DBI,
  title = {DBI: R Database Interface},
  author = {{R Special Interest Group on Databases (R-SIG-DB)} and Hadley Wickham and Kirill Müller},
  year = {2024},
  note = {R package version 1.2.3},
  url = {https://dbi.r-dbi.org},
}

@Manual{R-dbplyr,
  title = {dbplyr: A dplyr Back End for Databases},
  author = {Hadley Wickham and Maximilian Girlich and Edgar Ruiz},
  year = {2024},
  note = {R package version 2.5.0},
  url = {https://dbplyr.tidyverse.org/},
}

@Manual{R-Deriv,
  title = {Deriv: Symbolic Differentiation},
  author = {Andrew Clausen and Serguei Sokol},
  year = {2024},
  note = {R package version 4.1.6},
  url = {https://CRAN.R-project.org/package=Deriv},
}

@Manual{R-descr,
  title = {descr: Descriptive Statistics},
  author = {Jakson Aquino. Includes R source code and/or documentation written by Dirk Enzmann and Marc Schwartz and Nitin Jain and Stefan Kraft},
  year = {2023},
  note = {R package version 1.1.8},
  url = {https://github.com/jalvesaq/descr},
}

@Manual{R-digest,
  title = {digest: Create Compact Hash Digests of R Objects},
  author = {Dirk Eddelbuettel},
  year = {2024},
  note = {R package version 0.6.36},
  url = {https://github.com/eddelbuettel/digest},
}

@Manual{R-doBy,
  title = {doBy: Groupwise Statistics, LSmeans, Linear Estimates, Utilities},
  author = {Ulrich Halekoh and Søren Højsgaard},
  year = {2024},
  note = {R package version 4.6.24},
  url = {https://github.com/hojsgaard/doBy},
}

@Manual{R-dplyr,
  title = {dplyr: A Grammar of Data Manipulation},
  author = {Hadley Wickham and Romain François and Lionel Henry and Kirill Müller and Davis Vaughan},
  year = {2023},
  note = {R package version 1.1.4},
  url = {https://dplyr.tidyverse.org},
}

@Manual{R-dtplyr,
  title = {dtplyr: Data Table Back-End for dplyr},
  author = {Hadley Wickham and Maximilian Girlich and Mark Fairbanks and Ryan Dickerson},
  year = {2023},
  note = {R package version 1.3.1},
  url = {https://dtplyr.tidyverse.org},
}

@Manual{R-epiDisplay,
  title = {epiDisplay: Epidemiological Data Display Package},
  author = {Virasakdi Chongsuvivatwong},
  year = {2022},
  note = {R package version 3.5.0.2},
  url = {https://CRAN.R-project.org/package=epiDisplay},
}

@Manual{R-evaluate,
  title = {evaluate: Parsing and Evaluation Tools that Provide More Details than the
Default},
  author = {Hadley Wickham and Yihui Xie},
  year = {2024},
  note = {R package version 0.24.0},
  url = {https://github.com/r-lib/evaluate},
}

@Manual{R-fansi,
  title = {fansi: ANSI Control Sequence Aware String Functions},
  author = {Brodie Gaslam},
  year = {2023},
  note = {R package version 1.0.6},
  url = {https://github.com/brodieG/fansi},
}

@Manual{R-farver,
  title = {farver: High Performance Colour Space Manipulation},
  author = {Thomas Lin Pedersen and Berendea Nicolae and Romain François},
  year = {2024},
  note = {R package version 2.1.2},
  url = {https://farver.data-imaginist.com},
}

@Manual{R-fastmap,
  title = {fastmap: Fast Data Structures},
  author = {Winston Chang},
  year = {2024},
  note = {R package version 1.2.0},
  url = {https://r-lib.github.io/fastmap/},
}

@Manual{R-fontawesome,
  title = {fontawesome: Easily Work with Font Awesome Icons},
  author = {Richard Iannone},
  year = {2023},
  note = {R package version 0.5.2},
  url = {https://github.com/rstudio/fontawesome},
}

@Manual{R-forcats,
  title = {forcats: Tools for Working with Categorical Variables (Factors)},
  author = {Hadley Wickham},
  year = {2023},
  note = {R package version 1.0.0},
  url = {https://forcats.tidyverse.org/},
}

@Manual{R-foreign,
  title = {foreign: Read Data Stored by Minitab, S, SAS, SPSS, Stata,
Systat, Weka, dBase, ...},
  author = {{R Core Team}},
  year = {2023},
  note = {R package version 0.8-86},
  url = {https://svn.r-project.org/R-packages/trunk/foreign/},
}

@Manual{R-Formula,
  title = {Formula: Extended Model Formulas},
  author = {Achim Zeileis and Yves Croissant},
  year = {2023},
  note = {R package version 1.2-5},
  url = {https://CRAN.R-project.org/package=Formula},
}

@Manual{R-fs,
  title = {fs: Cross-Platform File System Operations Based on libuv},
  author = {Jim Hester and Hadley Wickham and Gábor Csárdi},
  year = {2024},
  note = {R package version 1.6.4},
  url = {https://fs.r-lib.org},
}

@Manual{R-gargle,
  title = {gargle: Utilities for Working with Google APIs},
  author = {Jennifer Bryan and Craig Citro and Hadley Wickham},
  year = {2023},
  note = {R package version 1.5.2},
  url = {https://gargle.r-lib.org},
}

@Manual{R-generics,
  title = {generics: Common S3 Generics not Provided by Base R Methods Related to
Model Fitting},
  author = {Hadley Wickham and Max Kuhn and Davis Vaughan},
  year = {2022},
  note = {R package version 0.1.3},
  url = {https://generics.r-lib.org},
}

@Manual{R-ggplot2,
  title = {ggplot2: Create Elegant Data Visualisations Using the Grammar of Graphics},
  author = {Hadley Wickham and Winston Chang and Lionel Henry and Thomas Lin Pedersen and Kohske Takahashi and Claus Wilke and Kara Woo and Hiroaki Yutani and Dewey Dunnington and Teun {van den Brand}},
  year = {2024},
  note = {R package version 3.5.1},
  url = {https://ggplot2.tidyverse.org},
}

@Manual{R-ggpubr,
  title = {ggpubr: ggplot2 Based Publication Ready Plots},
  author = {Alboukadel Kassambara},
  year = {2023},
  note = {R package version 0.6.0},
  url = {https://rpkgs.datanovia.com/ggpubr/},
}

@Manual{R-ggrepel,
  title = {ggrepel: Automatically Position Non-Overlapping Text Labels with
ggplot2},
  author = {Kamil Slowikowski},
  year = {2024},
  note = {R package version 0.9.6},
  url = {https://ggrepel.slowkow.com/},
}

@Manual{R-ggsci,
  title = {ggsci: Scientific Journal and Sci-Fi Themed Color Palettes for
ggplot2},
  author = {Nan Xiao},
  year = {2024},
  note = {R package version 3.2.0},
  url = {https://nanx.me/ggsci/},
}

@Manual{R-ggsignif,
  title = {ggsignif: Significance Brackets for ggplot2},
  author = {Constantin Ahlmann-Eltze and Indrajeet Patil},
  year = {2022},
  note = {R package version 0.6.4},
  url = {https://const-ae.github.io/ggsignif/},
}

@Manual{R-glue,
  title = {glue: Interpreted String Literals},
  author = {Jim Hester and Jennifer Bryan},
  year = {2024},
  note = {R package version 1.7.0},
  url = {https://glue.tidyverse.org/},
}

@Manual{R-googledrive,
  title = {googledrive: An Interface to Google Drive},
  author = {Lucy {D'Agostino McGowan} and Jennifer Bryan},
  year = {2023},
  note = {R package version 2.1.1},
  url = {https://googledrive.tidyverse.org},
}

@Manual{R-googlesheets4,
  title = {googlesheets4: Access Google Sheets using the Sheets API V4},
  author = {Jennifer Bryan},
  year = {2023},
  note = {R package version 1.1.1},
  url = {https://googlesheets4.tidyverse.org},
}

@Manual{R-GPArotation,
  title = {GPArotation: Gradient Projection Factor Rotation},
  author = {Coen Bernaards and Paul Gilbert and Robert Jennrich},
  year = {2024},
  note = {R package version 2024.3-1},
  url = {https://optimizer.r-forge.r-project.org/GPArotation_www/},
}

@Manual{R-gridExtra,
  title = {gridExtra: Miscellaneous Functions for "Grid" Graphics},
  author = {Baptiste Auguie},
  year = {2017},
  note = {R package version 2.3},
  url = {https://CRAN.R-project.org/package=gridExtra},
}

@Manual{R-gtable,
  title = {gtable: Arrange Grobs in Tables},
  author = {Hadley Wickham and Thomas Lin Pedersen},
  year = {2024},
  note = {R package version 0.3.5},
  url = {https://gtable.r-lib.org},
}

@Manual{R-haven,
  title = {haven: Import and Export SPSS, Stata and SAS Files},
  author = {Hadley Wickham and Evan Miller and Danny Smith},
  year = {2023},
  note = {R package version 2.5.4},
  url = {https://haven.tidyverse.org},
}

@Manual{R-highr,
  title = {highr: Syntax Highlighting for R Source Code},
  author = {Yihui Xie and Yixuan Qiu},
  year = {2024},
  note = {R package version 0.11},
  url = {https://github.com/yihui/highr},
}

@Manual{R-hms,
  title = {hms: Pretty Time of Day},
  author = {Kirill Müller},
  year = {2023},
  note = {R package version 1.1.3},
  url = {https://hms.tidyverse.org/},
}

@Manual{R-htmltools,
  title = {htmltools: Tools for HTML},
  author = {Joe Cheng and Carson Sievert and Barret Schloerke and Winston Chang and Yihui Xie and Jeff Allen},
  year = {2024},
  note = {R package version 0.5.8.1},
  url = {https://github.com/rstudio/htmltools},
}

@Manual{R-httr,
  title = {httr: Tools for Working with URLs and HTTP},
  author = {Hadley Wickham},
  year = {2023},
  note = {R package version 1.4.7},
  url = {https://httr.r-lib.org/},
}

@Manual{R-icr,
  title = {icr: Compute Krippendorff's Alpha},
  author = {Alexander Staudt and Pierre L'Ecuyer},
  year = {2024},
  note = {R package version 0.6.5},
  url = {https://github.com/staudtlex/icr},
}

@Manual{R-ids,
  title = {ids: Generate Random Identifiers},
  author = {Rich FitzJohn},
  year = {2017},
  note = {R package version 1.0.1},
  url = {https://github.com/richfitz/ids},
}

@Manual{R-irr,
  title = {irr: Various Coefficients of Interrater Reliability and Agreement},
  author = {Matthias Gamer and Jim Lemon and Ian Fellows Puspendra Singh <puspendra.pusp22@gmail.com>},
  year = {2019},
  note = {R package version 0.84.1},
  url = {https://www.r-project.org},
}

@Manual{R-isoband,
  title = {isoband: Generate Isolines and Isobands from Regularly Spaced Elevation
Grids},
  author = {Hadley Wickham and Claus O. Wilke and Thomas Lin Pedersen},
  year = {2022},
  note = {R package version 0.2.7},
  url = {https://isoband.r-lib.org},
}

@Manual{R-janitor,
  title = {janitor: Simple Tools for Examining and Cleaning Dirty Data},
  author = {Sam Firke},
  year = {2023},
  note = {R package version 2.2.0},
  url = {https://github.com/sfirke/janitor},
}

@Manual{R-jquerylib,
  title = {jquerylib: Obtain jQuery as an HTML Dependency Object},
  author = {Carson Sievert and Joe Cheng},
  year = {2021},
  note = {R package version 0.1.4},
  url = {https://CRAN.R-project.org/package=jquerylib},
}

@Manual{R-jsonlite,
  title = {jsonlite: A Simple and Robust JSON Parser and Generator for R},
  author = {Jeroen Ooms},
  year = {2023},
  note = {R package version 1.8.8},
  url = {https://jeroen.r-universe.dev/jsonlite},
}

@Manual{R-KernSmooth,
  title = {KernSmooth: Functions for Kernel Smoothing Supporting Wand \& Jones (1995)},
  author = {Matt Wand},
  year = {2024},
  note = {R package version 2.23-24},
  url = {https://CRAN.R-project.org/package=KernSmooth},
}

@Manual{R-knitr,
  title = {knitr: A General-Purpose Package for Dynamic Report Generation in R},
  author = {Yihui Xie},
  year = {2024},
  note = {R package version 1.48},
  url = {https://yihui.org/knitr/},
}

@Manual{R-labeling,
  title = {labeling: Axis Labeling},
  author = {Justin Talbot,},
  year = {2023},
  note = {R package version 0.4.3},
  url = {https://CRAN.R-project.org/package=labeling},
}

@Manual{R-lattice,
  title = {lattice: Trellis Graphics for R},
  author = {Deepayan Sarkar},
  year = {2024},
  note = {R package version 0.22-6},
  url = {https://lattice.r-forge.r-project.org/},
}

@Manual{R-lifecycle,
  title = {lifecycle: Manage the Life Cycle of your Package Functions},
  author = {Lionel Henry and Hadley Wickham},
  year = {2023},
  note = {R package version 1.0.4},
  url = {https://lifecycle.r-lib.org/},
}

@Manual{R-lme4,
  title = {lme4: Linear Mixed-Effects Models using Eigen and S4},
  author = {Douglas Bates and Martin Maechler and Ben Bolker and Steven Walker},
  year = {2024},
  note = {R package version 1.1-35.5},
  url = {https://github.com/lme4/lme4/},
}

@Manual{R-lpSolve,
  title = {lpSolve: Interface to Lp_solve v. 5.5 to Solve Linear/Integer Programs},
  author = {Michel Berkelaar and others},
  year = {2023},
  note = {R package version 5.6.20},
  url = {https://github.com/gaborcsardi/lpSolve},
}

@Manual{R-lubridate,
  title = {lubridate: Make Dealing with Dates a Little Easier},
  author = {Vitalie Spinu and Garrett Grolemund and Hadley Wickham},
  year = {2023},
  note = {R package version 1.9.3},
  url = {https://lubridate.tidyverse.org},
}

@Manual{R-magick,
  title = {magick: Advanced Graphics and Image-Processing in R},
  author = {Jeroen Ooms},
  year = {2024},
  note = {R package version 2.8.5},
  url = {https://docs.ropensci.org/magick/},
}

@Manual{R-magrittr,
  title = {magrittr: A Forward-Pipe Operator for R},
  author = {Stefan Milton Bache and Hadley Wickham},
  year = {2022},
  note = {R package version 2.0.3},
  url = {https://magrittr.tidyverse.org},
}

@Manual{R-MASS,
  title = {MASS: Support Functions and Datasets for Venables and Ripley's MASS},
  author = {Brian Ripley},
  year = {2024},
  note = {R package version 7.3-60.2},
  url = {http://www.stats.ox.ac.uk/pub/MASS4/},
}

@Manual{R-Matrix,
  title = {Matrix: Sparse and Dense Matrix Classes and Methods},
  author = {Douglas Bates and Martin Maechler and Mikael Jagan},
  year = {2024},
  note = {R package version 1.7-0},
  url = {https://Matrix.R-forge.R-project.org},
}

@Manual{R-MatrixModels,
  title = {MatrixModels: Modelling with Sparse and Dense Matrices},
  author = {Douglas Bates and Martin Maechler},
  year = {2023},
  note = {R package version 0.5-3},
  url = {https://Matrix.R-forge.R-project.org/},
}

@Manual{R-matrixStats,
  title = {matrixStats: Functions that Apply to Rows and Columns of Matrices (and to
Vectors)},
  author = {Henrik Bengtsson},
  year = {2024},
  note = {R package version 1.3.0},
  url = {https://github.com/HenrikBengtsson/matrixStats},
}

@Manual{R-memoise,
  title = {memoise: Memoisation of Functions},
  author = {Hadley Wickham and Jim Hester and Winston Chang and Kirill Müller and Daniel Cook},
  year = {2021},
  note = {R package version 2.0.1},
  url = {https://memoise.r-lib.org},
}

@Manual{R-mgcv,
  title = {mgcv: Mixed GAM Computation Vehicle with Automatic Smoothness
Estimation},
  author = {Simon Wood},
  year = {2023},
  note = {R package version 1.9-1},
  url = {https://CRAN.R-project.org/package=mgcv},
}

@Manual{R-microbenchmark,
  title = {microbenchmark: Accurate Timing Functions},
  author = {Olaf Mersmann},
  year = {2024},
  note = {R package version 1.5.0},
  url = {https://github.com/joshuaulrich/microbenchmark/},
}

@Manual{R-mime,
  title = {mime: Map Filenames to MIME Types},
  author = {Yihui Xie},
  year = {2021},
  note = {R package version 0.12},
  url = {https://github.com/yihui/mime},
}

@Manual{R-minqa,
  title = {minqa: Derivative-Free Optimization Algorithms by Quadratic
Approximation},
  author = {Douglas Bates and Katharine M. Mullen and John C. Nash and Ravi Varadhan},
  year = {2024},
  note = {R package version 1.2.7},
  url = {http://optimizer.r-forge.r-project.org},
}

@Manual{R-mnormt,
  title = {mnormt: The Multivariate Normal and t Distributions, and Their Truncated
Versions},
  author = {Adelchi Azzalini and Alan Genz and Alan Miller and Michael J. Wichura and G. W. Hill and Yihong Ge.},
  year = {2022},
  note = {R package version 2.1.1},
  url = {http://azzalini.stat.unipd.it/SW/Pkg-mnormt/},
}

@Manual{R-modelr,
  title = {modelr: Modelling Functions that Work with the Pipe},
  author = {Hadley Wickham},
  year = {2023},
  note = {R package version 0.1.11},
  url = {https://modelr.tidyverse.org},
}

@Manual{R-munsell,
  title = {munsell: Utilities for Using Munsell Colours},
  author = {Charlotte Wickham},
  year = {2024},
  note = {R package version 0.5.1},
  url = {https://cran.r-project.org/package=munsell},
}

@Manual{R-naniar,
  title = {naniar: Data Structures, Summaries, and Visualisations for Missing Data},
  author = {Nicholas Tierney and Di Cook and Miles McBain and Colin Fay},
  year = {2024},
  note = {R package version 1.1.0},
  url = {https://github.com/njtierney/naniar},
}

@Manual{R-nlme,
  title = {nlme: Linear and Nonlinear Mixed Effects Models},
  author = {José Pinheiro and Douglas Bates and {R Core Team}},
  year = {2023},
  note = {R package version 3.1-164},
  url = {https://svn.r-project.org/R-packages/trunk/nlme/},
}

@Manual{R-nloptr,
  title = {nloptr: R Interface to NLopt},
  author = {Jelmer Ypma and Steven G. Johnson},
  year = {2024},
  note = {R package version 2.1.1},
  url = {https://github.com/astamm/nloptr},
}

@Manual{R-nnet,
  title = {nnet: Feed-Forward Neural Networks and Multinomial Log-Linear Models},
  author = {Brian Ripley},
  year = {2023},
  note = {R package version 7.3-19},
  url = {http://www.stats.ox.ac.uk/pub/MASS4/},
}

@Manual{R-norm,
  title = {norm: Analysis of Multivariate Normal Datasets with Missing Values},
  author = {Ported to R by Alvaro A. Novo. Original by Joseph L. Schafer <jls@stat.psu.edu>.},
  year = {2023},
  note = {R package version 1.0-11.1},
  url = {https://CRAN.R-project.org/package=norm},
}

@Manual{R-numDeriv,
  title = {numDeriv: Accurate Numerical Derivatives},
  author = {Paul Gilbert and Ravi Varadhan},
  year = {2019},
  note = {R package version 2016.8-1.1},
  url = {http://optimizer.r-forge.r-project.org/},
}

@Manual{R-openssl,
  title = {openssl: Toolkit for Encryption, Signatures and Certificates Based on
OpenSSL},
  author = {Jeroen Ooms},
  year = {2024},
  note = {R package version 2.2.0},
  url = {https://jeroen.r-universe.dev/openssl},
}

@Manual{R-papaja,
  title = {papaja: Prepare American Psychological Association Journal Articles with
R Markdown},
  author = {Frederik Aust and Marius Barth},
  year = {2023},
  note = {R package version 0.1.2},
  url = {https://github.com/crsh/papaja},
}

@Manual{R-pbkrtest,
  title = {pbkrtest: Parametric Bootstrap, Kenward-Roger and Satterthwaite Based
Methods for Test in Mixed Models},
  author = {Ulrich Halekoh and Søren Højsgaard},
  year = {2024},
  note = {R package version 0.5.3},
  url = {https://people.math.aau.dk/~sorenh/software/pbkrtest/},
}

@Manual{R-pillar,
  title = {pillar: Coloured Formatting for Columns},
  author = {Kirill Müller and Hadley Wickham},
  year = {2023},
  note = {R package version 1.9.0},
  url = {https://pillar.r-lib.org/},
}

@Manual{R-pkgconfig,
  title = {pkgconfig: Private Configuration for R Packages},
  author = {Gábor Csárdi},
  year = {2019},
  note = {R package version 2.0.3},
  url = {https://github.com/r-lib/pkgconfig#readme},
}

@Manual{R-plyr,
  title = {plyr: Tools for Splitting, Applying and Combining Data},
  author = {Hadley Wickham},
  year = {2023},
  note = {R package version 1.8.9},
  url = {http://had.co.nz/plyr},
}

@Manual{R-polynom,
  title = {polynom: A Collection of Functions to Implement a Class for Univariate
Polynomial Manipulations},
  author = {Bill Venables and Kurt Hornik and Martin Maechler},
  year = {2022},
  note = {R package version 1.4-1},
  url = {https://CRAN.R-project.org/package=polynom},
}

@Manual{R-prettyunits,
  title = {prettyunits: Pretty, Human Readable Formatting of Quantities},
  author = {Gabor Csardi},
  year = {2023},
  note = {R package version 1.2.0},
  url = {https://github.com/r-lib/prettyunits},
}

@Manual{R-processx,
  title = {processx: Execute and Control System Processes},
  author = {Gábor Csárdi and Winston Chang},
  year = {2024},
  note = {R package version 3.8.4},
  url = {https://processx.r-lib.org},
}

@Manual{R-progress,
  title = {progress: Terminal Progress Bars},
  author = {Gábor Csárdi and Rich FitzJohn},
  year = {2023},
  note = {R package version 1.2.3},
  url = {https://github.com/r-lib/progress#readme},
}

@Manual{R-ps,
  title = {ps: List, Query, Manipulate System Processes},
  author = {Jay Loden and Dave Daeschler and Giampaolo Rodola' and Gábor Csárdi},
  year = {2024},
  note = {R package version 1.7.7},
  url = {https://github.com/r-lib/ps},
}

@Manual{R-psych,
  title = {psych: Procedures for Psychological, Psychometric, and Personality
Research},
  author = {William Revelle},
  year = {2024},
  note = {R package version 2.4.6.26},
  url = {https://personality-project.org/r/psych/},
}

@Manual{R-purrr,
  title = {purrr: Functional Programming Tools},
  author = {Hadley Wickham and Lionel Henry},
  year = {2023},
  note = {R package version 1.0.2},
  url = {https://purrr.tidyverse.org/},
}

@Manual{R-quantreg,
  title = {quantreg: Quantile Regression},
  author = {Roger Koenker},
  year = {2024},
  note = {R package version 5.99},
  url = {https://www.r-project.org},
}

@Manual{R-R6,
  title = {R6: Encapsulated Classes with Reference Semantics},
  author = {Winston Chang},
  year = {2021},
  note = {R package version 2.5.1},
  url = {https://r6.r-lib.org},
}

@Manual{R-ragg,
  title = {ragg: Graphic Devices Based on AGG},
  author = {Thomas Lin Pedersen and Maxim Shemanarev},
  year = {2024},
  note = {R package version 1.3.2},
  url = {https://ragg.r-lib.org},
}

@Manual{R-rappdirs,
  title = {rappdirs: Application Directories: Determine Where to Save Data, Caches,
and Logs},
  author = {Sridhar Ratnakumar and Trent Mick and Trevor Davis},
  year = {2021},
  note = {R package version 0.3.3},
  url = {https://rappdirs.r-lib.org},
}

@Manual{R-RColorBrewer,
  title = {RColorBrewer: ColorBrewer Palettes},
  author = {Erich Neuwirth},
  year = {2022},
  note = {R package version 1.1-3},
  url = {https://CRAN.R-project.org/package=RColorBrewer},
}

@Manual{R-Rcpp,
  title = {Rcpp: Seamless R and C++ Integration},
  author = {Dirk Eddelbuettel and Romain Francois and JJ Allaire and Kevin Ushey and Qiang Kou and Nathan Russell and Inaki Ucar and Douglas Bates and John Chambers},
  year = {2024},
  note = {R package version 1.0.12},
  url = {https://www.rcpp.org},
}

@Manual{R-RcppEigen,
  title = {RcppEigen: Rcpp Integration for the Eigen Templated Linear Algebra
Library},
  author = {Douglas Bates and Dirk Eddelbuettel and Romain Francois and Yixuan Qiu; the authors of Eigen for the included version of Eigen},
  year = {2024},
  note = {R package version 0.3.4.0.0},
  url = {https://github.com/RcppCore/RcppEigen},
}

@Manual{R-readr,
  title = {readr: Read Rectangular Text Data},
  author = {Hadley Wickham and Jim Hester and Jennifer Bryan},
  year = {2024},
  note = {R package version 2.1.5},
  url = {https://readr.tidyverse.org},
}

@Manual{R-readxl,
  title = {readxl: Read Excel Files},
  author = {Hadley Wickham and Jennifer Bryan},
  year = {2023},
  note = {R package version 1.4.3},
  url = {https://readxl.tidyverse.org},
}

@Manual{R-rematch,
  title = {rematch: Match Regular Expressions with a Nicer API},
  author = {Gabor Csardi},
  year = {2023},
  note = {R package version 2.0.0},
  url = {https://github.com/gaborcsardi/rematch},
}

@Manual{R-rematch2,
  title = {rematch2: Tidy Output from Regular Expression Matching},
  author = {Gábor Csárdi},
  year = {2020},
  note = {R package version 2.1.2},
  url = {https://github.com/r-lib/rematch2#readme},
}

@Manual{R-reprex,
  title = {reprex: Prepare Reproducible Example Code via the Clipboard},
  author = {Jennifer Bryan and Jim Hester and David Robinson and Hadley Wickham and Christophe Dervieux},
  year = {2024},
  note = {R package version 2.1.1},
  url = {https://reprex.tidyverse.org},
}

@Manual{R-rlang,
  title = {rlang: Functions for Base Types and Core R and Tidyverse Features},
  author = {Lionel Henry and Hadley Wickham},
  year = {2024},
  note = {R package version 1.1.4},
  url = {https://rlang.r-lib.org},
}

@Manual{R-rmarkdown,
  title = {rmarkdown: Dynamic Documents for R},
  author = {JJ Allaire and Yihui Xie and Christophe Dervieux and Jonathan McPherson and Javier Luraschi and Kevin Ushey and Aron Atkins and Hadley Wickham and Joe Cheng and Winston Chang and Richard Iannone},
  year = {2024},
  note = {R package version 2.27},
  url = {https://github.com/rstudio/rmarkdown},
}

@Manual{R-rmdfiltr,
  title = {rmdfiltr: Lua-Filters for R Markdown},
  author = {Frederik Aust},
  year = {2020},
  note = {R package version 0.1.3},
  url = {https://github.com/crsh/rmdfiltr},
}

@Manual{R-rpart,
  title = {rpart: Recursive Partitioning and Regression Trees},
  author = {Terry Therneau and Beth Atkinson},
  year = {2023},
  note = {R package version 4.1.23},
  url = {https://github.com/bethatkinson/rpart},
}

@Manual{R-rstatix,
  title = {rstatix: Pipe-Friendly Framework for Basic Statistical Tests},
  author = {Alboukadel Kassambara},
  year = {2023},
  note = {R package version 0.7.2},
  url = {https://rpkgs.datanovia.com/rstatix/},
}

@Manual{R-rstudioapi,
  title = {rstudioapi: Safely Access the RStudio API},
  author = {Kevin Ushey and JJ Allaire and Hadley Wickham and Gary Ritchie},
  year = {2024},
  note = {R package version 0.16.0},
  url = {https://rstudio.github.io/rstudioapi/},
}

@Manual{R-rvest,
  title = {rvest: Easily Harvest (Scrape) Web Pages},
  author = {Hadley Wickham},
  year = {2024},
  note = {R package version 1.0.4},
  url = {https://rvest.tidyverse.org/},
}

@Manual{R-sass,
  title = {sass: Syntactically Awesome Style Sheets (Sass)},
  author = {Joe Cheng and Timothy Mastny and Richard Iannone and Barret Schloerke and Carson Sievert},
  year = {2024},
  note = {R package version 0.4.9},
  url = {https://rstudio.github.io/sass/},
}

@Manual{R-scales,
  title = {scales: Scale Functions for Visualization},
  author = {Hadley Wickham and Thomas Lin Pedersen and Dana Seidel},
  year = {2023},
  note = {R package version 1.3.0},
  url = {https://scales.r-lib.org},
}

@Manual{R-selectr,
  title = {selectr: Translate CSS Selectors to XPath Expressions},
  author = {Simon Potter and Simon Sapin and Ian Bicking},
  year = {2019},
  note = {R package version 0.4-2},
  url = {https://sjp.co.nz/projects/selectr},
}

@Manual{R-snakecase,
  title = {snakecase: Convert Strings into any Case},
  author = {Malte Grosser},
  year = {2023},
  note = {R package version 0.11.1},
  url = {https://github.com/Tazinho/snakecase},
}

@Manual{R-SparseM,
  title = {SparseM: Sparse Linear Algebra},
  author = {Roger Koenker},
  year = {2024},
  note = {R package version 1.84-2},
  url = {http://www.econ.uiuc.edu/~roger/research/sparse/sparse.html},
}

@Manual{R-spatial,
  title = {spatial: Functions for Kriging and Point Pattern Analysis},
  author = {Brian Ripley},
  year = {2023},
  note = {R package version 7.3-17},
  url = {http://www.stats.ox.ac.uk/pub/MASS4/},
}

@Manual{R-splitstackshape,
  title = {splitstackshape: Stack and Reshape Datasets After Splitting Concatenated Values},
  author = {Ananda Mahto},
  year = {2019},
  note = {R package version 1.4.8},
  url = {http://github.com/mrdwab/splitstackshape},
}

@Manual{R-stringi,
  title = {stringi: Fast and Portable Character String Processing Facilities},
  author = {Marek Gagolewski and Bartek Tartanus and others; Unicode and {Inc.} and others},
  year = {2024},
  note = {R package version 1.8.4},
  url = {https://stringi.gagolewski.com/},
}

@Manual{R-stringr,
  title = {stringr: Simple, Consistent Wrappers for Common String Operations},
  author = {Hadley Wickham},
  year = {2023},
  note = {R package version 1.5.1},
  url = {https://stringr.tidyverse.org},
}

@Manual{R-survival,
  title = {survival: Survival Analysis},
  author = {Terry M Therneau},
  year = {2024},
  note = {R package version 3.6-4},
  url = {https://github.com/therneau/survival},
}

@Manual{R-sys,
  title = {sys: Powerful and Reliable Tools for Running System Commands in R},
  author = {Jeroen Ooms},
  year = {2023},
  note = {R package version 3.4.2},
  url = {https://jeroen.r-universe.dev/sys},
}

@Manual{R-systemfonts,
  title = {systemfonts: System Native Font Finding},
  author = {Thomas Lin Pedersen and Jeroen Ooms and Devon Govett},
  year = {2024},
  note = {R package version 1.1.0},
  url = {https://github.com/r-lib/systemfonts},
}

@Manual{R-textshaping,
  title = {textshaping: Bindings to the HarfBuzz and Fribidi Libraries for Text
Shaping},
  author = {Thomas Lin Pedersen},
  year = {2024},
  note = {R package version 0.4.0},
  url = {https://github.com/r-lib/textshaping},
}

@Manual{R-tibble,
  title = {tibble: Simple Data Frames},
  author = {Kirill Müller and Hadley Wickham},
  year = {2023},
  note = {R package version 3.2.1},
  url = {https://tibble.tidyverse.org/},
}

@Manual{R-tidyr,
  title = {tidyr: Tidy Messy Data},
  author = {Hadley Wickham and Davis Vaughan and Maximilian Girlich},
  year = {2024},
  note = {R package version 1.3.1},
  url = {https://tidyr.tidyverse.org},
}

@Manual{R-tidyselect,
  title = {tidyselect: Select from a Set of Strings},
  author = {Lionel Henry and Hadley Wickham},
  year = {2024},
  note = {R package version 1.2.1},
  url = {https://tidyselect.r-lib.org},
}

@Manual{R-tidyverse,
  title = {tidyverse: Easily Install and Load the Tidyverse},
  author = {Hadley Wickham},
  year = {2023},
  note = {R package version 2.0.0},
  url = {https://tidyverse.tidyverse.org},
}

@Manual{R-timechange,
  title = {timechange: Efficient Manipulation of Date-Times},
  author = {Vitalie Spinu},
  year = {2024},
  note = {R package version 0.3.0},
  url = {https://github.com/vspinu/timechange/},
}

@Manual{R-tinylabels,
  title = {tinylabels: Lightweight Variable Labels},
  author = {Marius Barth},
  year = {2023},
  note = {R package version 0.2.4},
  url = {https://github.com/mariusbarth/tinylabels},
}

@Manual{R-tinytex,
  title = {tinytex: Helper Functions to Install and Maintain TeX Live, and Compile
LaTeX Documents},
  author = {Yihui Xie},
  year = {2024},
  note = {R package version 0.54},
  url = {https://github.com/rstudio/tinytex},
}

@Manual{R-translations,
  title = {translations: The R Translations Package},
  author = {R Core Team and contributors worldwide},
  note = {R package version 4.4.1},
  year = {2024},
}

@Manual{R-tzdb,
  title = {tzdb: Time Zone Database Information},
  author = {Davis Vaughan},
  year = {2023},
  note = {R package version 0.4.0},
  url = {https://tzdb.r-lib.org},
}

@Manual{R-UpSetR,
  title = {UpSetR: A More Scalable Alternative to Venn and Euler Diagrams for
Visualizing Intersecting Sets},
  author = {Nils Gehlenborg},
  year = {2019},
  note = {R package version 1.4.0},
  url = {http://github.com/hms-dbmi/UpSetR},
}

@Manual{R-utf8,
  title = {utf8: Unicode Text Processing},
  author = {Patrick O. Perry},
  year = {2023},
  note = {R package version 1.2.4},
  url = {https://ptrckprry.com/r-utf8/},
}

@Manual{R-uuid,
  title = {uuid: Tools for Generating and Handling of UUIDs},
  author = {Simon Urbanek and Theodore Ts'o},
  year = {2024},
  note = {R package version 1.2-0},
  url = {https://www.rforge.net/uuid},
}

@Manual{R-vctrs,
  title = {vctrs: Vector Helpers},
  author = {Hadley Wickham and Lionel Henry and Davis Vaughan},
  year = {2023},
  note = {R package version 0.6.5},
  url = {https://vctrs.r-lib.org/},
}

@Manual{R-viridis,
  title = {viridis: Colorblind-Friendly Color Maps for R},
  author = {Simon Garnier},
  year = {2024},
  note = {R package version 0.6.5},
  url = {https://sjmgarnier.github.io/viridis/},
}

@Manual{R-viridisLite,
  title = {viridisLite: Colorblind-Friendly Color Maps (Lite Version)},
  author = {Simon Garnier},
  year = {2023},
  note = {R package version 0.4.2},
  url = {https://sjmgarnier.github.io/viridisLite/},
}

@Manual{R-visdat,
  title = {visdat: Preliminary Visualisation of Data},
  author = {Nicholas Tierney},
  year = {2023},
  note = {R package version 0.6.0},
  url = {https://docs.ropensci.org/visdat/},
}

@Manual{R-vroom,
  title = {vroom: Read and Write Rectangular Text Data Quickly},
  author = {Jim Hester and Hadley Wickham and Jennifer Bryan},
  year = {2023},
  note = {R package version 1.6.5},
  url = {https://vroom.r-lib.org},
}

@Manual{R-withr,
  title = {withr: Run Code With Temporarily Modified Global State},
  author = {Jim Hester and Lionel Henry and Kirill Müller and Kevin Ushey and Hadley Wickham and Winston Chang},
  year = {2024},
  note = {R package version 3.0.0},
  url = {https://withr.r-lib.org},
}

@Manual{R-xfun,
  title = {xfun: Supporting Functions for Packages Maintained by Yihui Xie},
  author = {Yihui Xie},
  year = {2024},
  note = {R package version 0.49},
  url = {https://github.com/yihui/xfun},
}

@Manual{R-xml2,
  title = {xml2: Parse XML},
  author = {Hadley Wickham and Jim Hester and Jeroen Ooms},
  year = {2023},
  note = {R package version 1.3.6},
  url = {https://xml2.r-lib.org/},
}

@Manual{R-xtable,
  title = {xtable: Export Tables to LaTeX or HTML},
  author = {David B. Dahl and David Scott and Charles Roosen and Arni Magnusson and Jonathan Swinton},
  year = {2019},
  note = {R package version 1.8-4},
  url = {http://xtable.r-forge.r-project.org/},
}

@Manual{R-yaml,
  title = {yaml: Methods to Convert R Data to YAML and Back},
  author = {Shawn P Garbett and Jeremy Stephens and Kirill Simonov and Yihui Xie and Zhuoer Dong and Hadley Wickham and Jeffrey Horner and {reikoch} and Will Beasley and Brendan O'Connor and Gregory R. Warnes and Michael Quinn and Zhian N. Kamvar and Charlie Gao},
  year = {2024},
  note = {R package version 2.3.9},
  url = {https://github.com/vubiostat/r-yaml/},
}

@Manual{R-zip,
  title = {zip: Cross-Platform zip Compression},
  author = {Gábor Csárdi},
  year = {2024},
  note = {R package version 2.3.1},
  url = {https://github.com/r-lib/zip},
}

@Book{bookdown2016,
  title = {bookdown: Authoring Books and Technical Documents with {R} Markdown},
  author = {Yihui Xie},
  publisher = {Chapman and Hall/CRC},
  address = {Boca Raton, Florida},
  year = {2016},
  isbn = {978-1138700109},
  url = {https://bookdown.org/yihui/bookdown},
}

@Book{boot1997,
  title = {Bootstrap Methods and Their Applications},
  author = {{A. C. Davison} and {D. V. Hinkley}},
  publisher = {Cambridge University Press},
  address = {Cambridge},
  year = {1997},
  note = {ISBN 0-521-57391-2},
  url = {doi:10.1017/CBO9780511802843},
}

@Book{car2019,
  title = {An {R} Companion to Applied Regression},
  edition = {Third},
  author = {John Fox and Sanford Weisberg},
  year = {2019},
  publisher = {Sage},
  address = {Thousand Oaks {CA}},
  url = {https://www.john-fox.ca/Companion/},
}

@Book{class2002,
  title = {Modern Applied Statistics with S},
  author = {W. N. Venables and B. D. Ripley},
  publisher = {Springer},
  edition = {Fourth},
  address = {New York},
  year = {2002},
  note = {ISBN 0-387-95457-0},
  url = {https://www.stats.ox.ac.uk/pub/MASS4/},
}

@Article{colorspace2020a,
  title = {{colorspace}: A Toolbox for Manipulating and Assessing Colors and Palettes},
  author = {Achim Zeileis and Jason C. Fisher and Kurt Hornik and Ross Ihaka and Claire D. McWhite and Paul Murrell and Reto Stauffer and Claus O. Wilke},
  journal = {Journal of Statistical Software},
  year = {2020},
  volume = {96},
  number = {1},
  pages = {1--49},
  doi = {10.18637/jss.v096.i01},
}

@Article{colorspace2009a,
  title = {Escaping {RGB}land: Selecting Colors for Statistical Graphics},
  author = {Achim Zeileis and Kurt Hornik and Paul Murrell},
  journal = {Computational Statistics \& Data Analysis},
  year = {2009},
  volume = {53},
  number = {9},
  pages = {3259--3270},
  doi = {10.1016/j.csda.2008.11.033},
}

@Article{colorspace2009b,
  title = {Somewhere over the Rainbow: How to Make Effective Use of Colors in Meteorological Visualizations},
  author = {Reto Stauffer and Georg J. Mayr and Markus Dabernig and Achim Zeileis},
  journal = {Bulletin of the American Meteorological Society},
  year = {2009},
  volume = {96},
  number = {2},
  pages = {203--216},
  doi = {10.1175/BAMS-D-13-00155.1},
}

@Manual{corrplot2024,
  title = {R package 'corrplot': Visualization of a Correlation Matrix},
  author = {Taiyun Wei and Viliam Simko},
  year = {2024},
  note = {(Version 0.95)},
  url = {https://github.com/taiyun/corrplot},
}

@Manual{Deriv2024,
  title = {{Deriv}: R-based Symbolic Differentiation},
  author = {Andrew Clausen and Serguei Sokol},
  year = {2024},
  note = {Deriv package version 4.1},
  url = {https://CRAN.R-project.org/package=Deriv},
}

@Article{Formula2010,
  title = {Extended Model Formulas in {R}: Multiple Parts and Multiple Responses},
  author = {Achim Zeileis and Yves Croissant},
  journal = {Journal of Statistical Software},
  year = {2010},
  volume = {34},
  number = {1},
  pages = {1--13},
  doi = {10.18637/jss.v034.i01},
}

@Book{ggplot22016,
  author = {Hadley Wickham},
  title = {ggplot2: Elegant Graphics for Data Analysis},
  publisher = {Springer-Verlag New York},
  year = {2016},
  isbn = {978-3-319-24277-4},
  url = {https://ggplot2.tidyverse.org},
}

@Article{ggsignif2021,
  title = {{ggsignif}: R Package for Displaying Significance Brackets for {'ggplot2'}},
  author = {Ahlmann-Eltze Constantin and Indrajeet Patil},
  year = {2021},
  journal = {PsyArxiv},
  url = {https://psyarxiv.com/7awm6},
  doi = {10.31234/osf.io/7awm6},
}

@Article{GPArotation2005,
  title = {Gradient Projection Algorithms and Software for Arbitrary Rotation Criteria in Factor Analysis},
  author = {Coen A. Bernaards and Robert I. Jennrich},
  journal = {Educational and Psychological Measurement},
  year = {2005},
  volume = {65},
  issue = {5},
  pages = {676--696},
  doi = {10.1177/0013164404272507},
}

@Article{jsonlite2014,
  title = {The jsonlite Package: A Practical and Consistent Mapping Between JSON Data and R Objects},
  author = {Jeroen Ooms},
  journal = {arXiv:1403.2805 [stat.CO]},
  year = {2014},
  url = {https://arxiv.org/abs/1403.2805},
}

@Book{knitr2015,
  title = {Dynamic Documents with {R} and knitr},
  author = {Yihui Xie},
  publisher = {Chapman and Hall/CRC},
  address = {Boca Raton, Florida},
  year = {2015},
  edition = {2nd},
  note = {ISBN 978-1498716963},
  url = {https://yihui.org/knitr/},
}

@InCollection{knitr2014,
  booktitle = {Implementing Reproducible Computational Research},
  editor = {Victoria Stodden and Friedrich Leisch and Roger D. Peng},
  title = {knitr: A Comprehensive Tool for Reproducible Research in {R}},
  author = {Yihui Xie},
  publisher = {Chapman and Hall/CRC},
  year = {2014},
  note = {ISBN 978-1466561595},
}

@Book{lattice2008,
  title = {Lattice: Multivariate Data Visualization with R},
  author = {Deepayan Sarkar},
  year = {2008},
  publisher = {Springer},
  address = {New York},
  isbn = {978-0-387-75968-5},
  url = {http://lmdvr.r-forge.r-project.org},
}

@Article{lme42015,
  title = {Fitting Linear Mixed-Effects Models Using {lme4}},
  author = {Douglas Bates and Martin M{\"a}chler and Ben Bolker and Steve Walker},
  journal = {Journal of Statistical Software},
  year = {2015},
  volume = {67},
  number = {1},
  pages = {1--48},
  doi = {10.18637/jss.v067.i01},
}

@Article{lubridate2011,
  title = {Dates and Times Made Easy with {lubridate}},
  author = {Garrett Grolemund and Hadley Wickham},
  journal = {Journal of Statistical Software},
  year = {2011},
  volume = {40},
  number = {3},
  pages = {1--25},
  url = {https://www.jstatsoft.org/v40/i03/},
}

@Book{MASS2002,
  title = {Modern Applied Statistics with S},
  author = {W. N. Venables and B. D. Ripley},
  publisher = {Springer},
  edition = {Fourth},
  address = {New York},
  year = {2002},
  note = {ISBN 0-387-95457-0},
  url = {https://www.stats.ox.ac.uk/pub/MASS4/},
}

@Article{mgcv2011,
  title = {Fast stable restricted maximum likelihood and marginal 
likelihood estimation of semiparametric generalized linear models},
  journal = {Journal of the Royal Statistical Society (B)},
  volume = {73},
  number = {1},
  pages = {3-36},
  year = {2011},
  author = {S. N. Wood},
}

@Article{mgcv2016,
  title = {Smoothing parameter and model selection for general smooth models (with discussion)},
  author = {S.N. Wood and {N.} and {Pya} and B. S{"a}fken},
  journal = {Journal of the American Statistical Association},
  year = {2016},
  pages = {1548-1575},
  volume = {111},
}

@Article{mgcv2004,
  title = {Stable and efficient multiple smoothing parameter estimation for 
         generalized additive models},
  journal = {Journal of the American Statistical Association},
  volume = {99},
  number = {467},
  pages = {673-686},
  year = {2004},
  author = {S. N. Wood},
}

@Book{mgcv2017,
  title = {Generalized Additive Models: An Introduction with R},
  year = {2017},
  author = {S.N Wood},
  edition = {2},
  publisher = {Chapman and Hall/CRC},
}

@Article{mgcv2003,
  title = {Thin-plate regression splines},
  journal = {Journal of the Royal Statistical Society (B)},
  volume = {65},
  number = {1},
  pages = {95-114},
  year = {2003},
  author = {S. N. Wood},
}

@Manual{mnormt2022,
  title = {The {R} package \texttt{mnormt}: The multivariate normal and $t$ distributions (version 2.1.1)},
  author = {Adelchi Azzalini and Alan Genz},
  year = {2022},
  url = {http://azzalini.stat.unipd.it/SW/Pkg-mnormt/},
}

@Article{naniar2023,
  title = {Expanding Tidy Data Principles to Facilitate Missing Data Exploration, Visualization and Assessment of Imputations},
  author = {Nicholas Tierney and Dianne Cook},
  journal = {Journal of Statistical Software},
  year = {2023},
  volume = {105},
  number = {7},
  pages = {1--31},
  doi = {10.18637/jss.v105.i07},
}

@Book{nlme2000,
  title = {Mixed-Effects Models in S and S-PLUS},
  author = {José C. Pinheiro and Douglas M. Bates},
  year = {2000},
  publisher = {Springer},
  address = {New York},
  doi = {10.1007/b98882},
}

@Manual{nloptr2008,
  author = {Steven G. Johnson},
  title = {The NLopt nonlinear-optimization package},
  year = {2008},
  url = {https://github.com/stevengj/nlopt},
}

@Book{nnet2002,
  title = {Modern Applied Statistics with S},
  author = {W. N. Venables and B. D. Ripley},
  publisher = {Springer},
  edition = {Fourth},
  address = {New York},
  year = {2002},
  note = {ISBN 0-387-95457-0},
  url = {https://www.stats.ox.ac.uk/pub/MASS4/},
}

@Article{pbkrtest2014,
  title = {A Kenward-Roger Approximation and Parametric Bootstrap Methods for Tests in Linear Mixed Models -- The {R} Package {pbkrtest}},
  author = {Ulrich Halekoh and Søren Højsgaard},
  journal = {Journal of Statistical Software},
  year = {2014},
  volume = {59},
  number = {9},
  pages = {1--30},
  url = {https://www.jstatsoft.org/v59/i09/},
}

@Article{plyr2011,
  title = {The Split-Apply-Combine Strategy for Data Analysis},
  author = {Hadley Wickham},
  journal = {Journal of Statistical Software},
  year = {2011},
  volume = {40},
  number = {1},
  pages = {1--29},
  url = {https://www.jstatsoft.org/v40/i01/},
}

@Article{Rcpp2011,
  title = {{Rcpp}: Seamless {R} and {C++} Integration},
  author = {Dirk Eddelbuettel and Romain Fran\c{c}ois},
  journal = {Journal of Statistical Software},
  year = {2011},
  volume = {40},
  number = {8},
  pages = {1--18},
  doi = {10.18637/jss.v040.i08},
}

@Book{Rcpp2013,
  title = {Seamless {R} and {C++} Integration with {Rcpp}},
  author = {Dirk Eddelbuettel},
  publisher = {Springer},
  address = {New York},
  year = {2013},
  note = {ISBN 978-1-4614-6867-7},
  doi = {10.1007/978-1-4614-6868-4},
}

@Article{Rcpp2018,
  title = {{Extending {R} with {C++}: A Brief Introduction to {Rcpp}}},
  author = {Dirk Eddelbuettel and James Joseph Balamuta},
  journal = {The American Statistician},
  year = {2018},
  volume = {72},
  number = {1},
  pages = {28-36},
  doi = {10.1080/00031305.2017.1375990},
}

@Article{RcppEigen2013,
  title = {Fast and Elegant Numerical Linear Algebra Using the {RcppEigen} Package},
  author = {Douglas Bates and Dirk Eddelbuettel},
  journal = {Journal of Statistical Software},
  year = {2013},
  volume = {52},
  number = {5},
  pages = {1--24},
  doi = {10.18637/jss.v052.i05},
}

@Book{rmarkdown2018,
  title = {R Markdown: The Definitive Guide},
  author = {Yihui Xie and J.J. Allaire and Garrett Grolemund},
  publisher = {Chapman and Hall/CRC},
  address = {Boca Raton, Florida},
  year = {2018},
  isbn = {9781138359338},
  url = {https://bookdown.org/yihui/rmarkdown},
}

@Book{rmarkdown2020,
  title = {R Markdown Cookbook},
  author = {Yihui Xie and Christophe Dervieux and Emily Riederer},
  publisher = {Chapman and Hall/CRC},
  address = {Boca Raton, Florida},
  year = {2020},
  isbn = {9780367563837},
  url = {https://bookdown.org/yihui/rmarkdown-cookbook},
}

@TechReport{selectr2012,
  title = {Introducing the selectr Package},
  author = {Simon Potter},
  institution = {The University of Auckland},
  address = {Auckland, New Zealand},
  year = {2012},
  url = {http://stattech.wordpress.fos.auckland.ac.nz/2012-10-introducing-the-selectr-package/},
}

@Book{spatial2002,
  title = {Modern Applied Statistics with S},
  author = {W. N. Venables and B. D. Ripley},
  publisher = {Springer},
  edition = {Fourth},
  address = {New York},
  year = {2002},
  note = {ISBN 0-387-95457-0},
  url = {https://www.stats.ox.ac.uk/pub/MASS4/},
}

@Article{stringi2022,
  title = {{stringi}: {F}ast and portable character string processing in {R}},
  author = {Marek Gagolewski},
  journal = {Journal of Statistical Software},
  year = {2022},
  volume = {103},
  number = {2},
  pages = {1--59},
  doi = {10.18637/jss.v103.i02},
}

@Book{survival-book,
  title = {Modeling Survival Data: Extending the {C}ox Model},
  author = {{Terry M. Therneau} and {Patricia M. Grambsch}},
  year = {2000},
  publisher = {Springer},
  address = {New York},
  isbn = {0-387-98784-3},
}

@Article{tidyverse2019,
  title = {Welcome to the {tidyverse}},
  author = {Hadley Wickham and Mara Averick and Jennifer Bryan and Winston Chang and Lucy D'Agostino McGowan and Romain François and Garrett Grolemund and Alex Hayes and Lionel Henry and Jim Hester and Max Kuhn and Thomas Lin Pedersen and Evan Miller and Stephan Milton Bache and Kirill Müller and Jeroen Ooms and David Robinson and Dana Paige Seidel and Vitalie Spinu and Kohske Takahashi and Davis Vaughan and Claus Wilke and Kara Woo and Hiroaki Yutani},
  year = {2019},
  journal = {Journal of Open Source Software},
  volume = {4},
  number = {43},
  pages = {1686},
  doi = {10.21105/joss.01686},
}

@Article{tinytex2019,
  title = {TinyTeX: A lightweight, cross-platform, and easy-to-maintain LaTeX distribution based on TeX Live},
  author = {Yihui Xie},
  journal = {TUGboat},
  year = {2019},
  volume = {40},
  number = {1},
  pages = {30--32},
  url = {https://tug.org/TUGboat/Contents/contents40-1.html},
}

@Manual{viridis2024,
  title = {{viridis(Lite)} - Colorblind-Friendly Color Maps for R},
  author = {{Garnier} and {Simon} and {Ross} and {Noam} and {Rudis} and {Robert} and {Camargo} and Antônio Pedro and {Sciaini} and {Marco} and {Scherer} and {Cédric}},
  year = {2024},
  note = {viridis package version 0.6.5},
  url = {https://sjmgarnier.github.io/viridis/},
  doi = {10.5281/zenodo.4679423},
}

@Manual{viridisLite2023,
  title = {{viridis(Lite)} - Colorblind-Friendly Color Maps for R},
  author = {{Garnier} and {Simon} and {Ross} and {Noam} and {Rudis} and {Robert} and {Camargo} and Antônio Pedro and {Sciaini} and {Marco} and {Scherer} and {Cédric}},
  year = {2023},
  note = {viridisLite package version 0.4.2},
  url = {https://sjmgarnier.github.io/viridis/},
  doi = {10.5281/zenodo.4678327},
}

@Article{visdat2017,
  title = {visdat: Visualising Whole Data Frames},
  author = {Nicholas Tierney},
  doi = {10.21105/joss.00355},
  url = {http://dx.doi.org/10.21105/joss.00355},
  year = {2017},
  publisher = {Journal of Open Source Software},
  volume = {2},
  number = {16},
  pages = {355},
  journal = {JOSS},
}

